@techreport{valle2004mapping,
	title={Mapping procedure applied to general engine management system for spark plug engines},
	author={Valle, Ram{\'o}n Molina and Barros, Jos{\'e} Eduardo Mautone and Baeta, Jos{\'e} Guilherme Coelho and Pujatti, Fabr{\'\i}cio Jos{\'e} Pacheco},
	year={2004},
	institution={SAE Technical Paper}
}

@book{diniz2014processamento,
	title={Processamento Digital de Sinais-: Projeto e An{\'a}lise de Sistemas},
	author={Diniz, Paulo SR and da Silva, Eduardo AB and Netto, Sergio L},
	year={2014},
	publisher={Bookman Editora}
}

@article{texas01,
	Author = {Texas Instruments},
	Title = {MSP430x2xxx, User Guide},
	Year = {2004},
	Url = {http://www.ti.com/lit/ug/slau144j/slau144j.pdf.}
}

@article{SMAR,
	Author = {César Cassiolato},
	Title = {Condicionamento de Sinais Analógicos e Sensores},
	Year = {2017},
	Url = {http://www.smar.com/brasil/artigo-tecnico/condicionamento-de-sinais-analogicos-sensores}
}

@article{national01,
	Author = {National Instruments},
	Title = {O que é Condicionamento de Sinais},
	Year = {2012},
	Url = {http://www.ni.com/white-paper/10630/pt/}
}

@article{energiaToyota,
	Author = {DAMASCENO, E. G.; OLIVEIRA. P. H. M.},
	Title = {Projeto do sistema de arrefecimento e da caixa de redução para o uso aeronáutico do motor Toyota 2ZR-FE},
	Year = {2013},
	institution={Universidade de Brasília}
}

@article{energiaTransferencia,
	Author = {Çengel, Yunus A.},
	Title = {Transferência de Calor e Massa - Uma Abordagem Prática},
	Year = {2009},
	publisher={McGraw Hill}
}

@article{energiaAvaliacao,
	Author = {SAMPAIO, MÁRCIO AUGUSTO},
	Title = {AVALIAÇÃO DE UM MOTOR DE COMBUSTÃO INTERNA CICLO OTTO UTILIZANDO DIFERENTES TIPOS DE COMBUSTÍVEIS},
	Year = {2011},
	institution={Universidade Federal Da Bahia Escola Politécnica, Salvador},
}

@book{bosch2004,
	title={Manual de Tecnologia Automotiva},
	author={BOSCH},
	year={2004},
	publisher={Editora Edgard Blucher}
}

@book{brunetti2012,
	title={Motores de Combustão Interna},
	author={Franco Brunetti},
	year={2012},
	publisher={Editora Edgard Blucher}
}

@article{dantas2012,
	Author = {André Dantas},
	Title = {Motor Fiasa: Uma história recheada de técnica},
	Year = {2012},
	Url = {http://www.autoentusiastasclassic.com.br/2012/06/motor-fiasa-uma-historia-recheada-de.html}
}

@book{heyood1988,
	title={Internal Combustion Engines Funtamentals},
	author={John Heyood},
	year={1988},
	publisher={McGraw-Hill, Inc.}
}

@article{raggi2009,
	Author = {RAGGI, LÍVIA MARIA},
	Title = {Projeto de malhas de aterramento: contribuição ao cômputo da estratificação do solo},
	Year = {2009},
	institution = {Universidade Federal de Minas Gerais}
}

@article{perissinoto2015,
	Author = {PERISSINOTO, YURI},
	Title = {Bancada dinamométrica para motores de combustão interna 2 tempos que opera com diferentes misturas de álcool-gasolina},
	Year = {2015},
	institution = {Universidade de São Paulo}
}

@article{vdo01,
	Author = {VDO},
	Title = {Catálogo de peças de reposição},
	Year = {2014},
	Url = {http://www.vdo.com.br/media/188321/flc_catalogo_vdo_2014_pt.pdf}
}

@article{freescaler01,
	Author = {Freescaler Semiconductor},
	Title = {Integrated Silicon Pressure Sensor On-Chip Signal Conditioned, Temperature Compensated and Calibrated},
	Year = {2012},
	Url = {http://cache.freescale.com/files/sensors/doc/data_sheet/MPX5700.pdf?pspll=1}
}

@article{benincasa2011desenvolvimento,
	title={Desenvolvimento de um quadric{\'o}ptero aut{\^o}nomo com controle din{\^a}mico de estabilidade},
	author={Benincasa, Felipe and Camargo, Marco Antonio Siqueira},
	journal={Trabalho de conclus{\~a}o de curso de engenharia mecatr{\^o}nica da Escola Polit{\'e}cnica da Universidade de S{\~a}o Paulo. S{\~a}o Paulo},
	year={2011}
}

@article{kuntzer15,
	title={Análise do Sistema de Arrefecimento de um Protótipo do Tipo Fórmula SAE},
	author={KUNTZER, G.},
	journal={Trabalho de Conclusão de Curso - Engenharia Mecânica},
	institution={Universidade Federal de Santa Maria, Santa Maria - RS},
	year={2015}
}

@article{napro,
	Author = {NAPRO},
	Title = {Eletrônica Industrial. Analisadores.},
	Year = {Acesso em: 20 abr. 2017},
	Url = {http://www.napro.com.br/analisadores.html}
}

@article{nereu,
	Author = {GUIMARÃES, Nereu},
	Title = {ANALISADORES DE GASES EM LINHA.},
	Year = {2013},
	Url = {http://analisadoresindustriais.blogspot.com.br/2013/02/analisadores-de-gases-em-linha.html},
	publisher={Acesso em: 05 abr. 2017}

}

@book{taylor,
	Author = {TAYLOR, C. F.},
	Title = {Análise dos Motores de Combustão Interna.},
	Year = {1984},
	publisher={Editora Edgard Blucher, Vol. II}
}

